<?xml version="1.0" encoding="UTF-8"?><record xmlns="http://www.loc.gov/MARC21/slim" xmlns:cinclude="http://apache.org/cocoon/include/1.0" xmlns:zs="http://www.loc.gov/zing/srw/">
  <leader>00442cz  a2200133n  4500</leader>
  <controlfield tag="001">n  87134971 </controlfield>
  <controlfield tag="003">DLC</controlfield>
  <controlfield tag="005">20080317075648.0</controlfield>
  <controlfield tag="008">871013n| acannaabn          |n and      </controlfield>
  <datafield tag="010" ind1=" " ind2=" ">
    <subfield code="a">n  87134971 </subfield>
  </datafield>
  <datafield tag="035" ind1=" " ind2=" ">
    <subfield code="a">(OCoLC)oca01960188</subfield>
  </datafield>
  <datafield tag="040" ind1=" " ind2=" ">
    <subfield code="a">DLC</subfield>
    <subfield code="b">eng</subfield>
    <subfield code="c">DLC</subfield>
    <subfield code="d">OCoLC</subfield>
  </datafield>
  <datafield tag="110" ind1="2" ind2=" ">
    <subfield code="a">Labour Party (Great Britain).</subfield>
    <subfield code="b">National Executive Committee</subfield>
  </datafield>
  <datafield tag="670" ind1=" " ind2=" ">
    <subfield code="a">nuc87-104555: Campaigning for a fairer ... 1983</subfield>
    <subfield code="b">(usage on OkU rept.: National Executive Committee)</subfield>
  </datafield>
</record>